<?xml version="1.0" encoding="UTF-8"?><collection xmlns="http://www.loc.gov/MARC21/slim"><record><leader>00416nam--2200145-i-4500</leader><controlfield tag="001">000041448</controlfield><controlfield tag="002">20161230</controlfield><controlfield tag="005">20161230201043</controlfield><controlfield tag="008">060222s1000------------r-----000-0-eng-d</controlfield><datafield ind1=" " ind2=" " tag="080"><subfield code="a">535.82(06)</subfield></datafield><datafield ind1=" " ind2=" " tag="100"><subfield code="a">Sheppard,C.J.R. And Shotton,D.M</subfield></datafield><datafield ind1=" " ind2=" " tag="245"><subfield code="a">Confocal laser scanning microscopy</subfield></datafield><datafield ind1=" " ind2=" " tag="260"><subfield code="a">Oxford, Bios Scientific Publ.,1997. 106 P</subfield></datafield><datafield ind1=" " ind2=" " tag="490"><subfield code="a">Royal Microscopical Society. Microscopy Hand</subfield></datafield><datafield ind1=" " ind2=" " tag="852"><subfield code="a">81205</subfield></datafield></record></collection>